<record><leader>00000cas a22000007a 4500</leader><controlfield tag="001">14251472</controlfield><controlfield tag="008">860923d19601960paudn ne      0    0eng d</controlfield><datafield ind1=" " ind2=" " tag="010"><subfield code="a">sn 86083236 </subfield></datafield><datafield ind1=" " ind2=" " tag="040"><subfield code="a">NPH</subfield><subfield code="b">eng</subfield><subfield code="c">NPH</subfield><subfield code="d">OCLCQ</subfield><subfield code="d">IUL</subfield></datafield><datafield ind1=" " ind2=" " tag="042"><subfield code="a">msc</subfield></datafield><datafield ind1=" " ind2=" " tag="043"><subfield code="a">n-us-pa</subfield></datafield><datafield ind1="0" ind2=" " tag="130"><subfield code="a">Valley independent (Charleroi, Pa. : Washington County ed.)</subfield></datafield><datafield ind1="1" ind2="4" tag="245"><subfield code="a">The Valley independent.</subfield></datafield><datafield ind1=" " ind2=" " tag="260"><subfield code="a">Charleroi, Pa. :</subfield><subfield code="b">Mon Valley Newspapers, Inc.,</subfield><subfield code="c">1960-</subfield></datafield><datafield ind1=" " ind2=" " tag="300"><subfield code="a">v. :</subfield><subfield code="b">ill.</subfield></datafield><datafield ind1=" " ind2=" " tag="310"><subfield code="a">Daily (except Sunday)</subfield></datafield><datafield ind1="0" ind2=" " tag="362"><subfield code="a">Fifty ninth year, no. 56 (Sept. 1, 1960)-</subfield></datafield><datafield ind1="1" ind2=" " tag="362"><subfield code="a">Ceased in 1960.</subfield></datafield><datafield ind1=" " ind2=" " tag="500"><subfield code="a">"Donora" and "Monessan, Pa." also printed on masthead.</subfield></datafield><datafield ind1=" " ind2="0" tag="651"><subfield code="a">Monessan (pa)</subfield><subfield code="v">Newspapers.</subfield></datafield><datafield ind1=" " ind2="0" tag="651"><subfield code="a">Charleroi (Pa.)</subfield><subfield code="v">Newspapers.</subfield></datafield><datafield ind1=" " ind2="0" tag="651"><subfield code="a">Donora (Pa.)</subfield><subfield code="v">Newspapers.</subfield></datafield><datafield ind1=" " ind2="0" tag="651"><subfield code="a">Westmoreland County (Pa.)</subfield><subfield code="v">Newspapers.</subfield></datafield><datafield ind1=" " ind2="0" tag="651"><subfield code="a">Washington County (Pa.)</subfield><subfield code="v">Newspapers.</subfield></datafield><datafield ind1=" " ind2=" " tag="752"><subfield code="a">United States</subfield><subfield code="b">Pennsylvania</subfield><subfield code="c">Westmoreland</subfield><subfield code="d">Monessen.</subfield></datafield><datafield ind1=" " ind2=" " tag="752"><subfield code="a">United States</subfield><subfield code="b">Pennsylvania</subfield><subfield code="c">Washington</subfield><subfield code="d">Charleroi.</subfield></datafield><datafield ind1=" " ind2=" " tag="752"><subfield code="a">United States</subfield><subfield code="b">Pennsylvania</subfield><subfield code="c">Washington</subfield><subfield code="d">Donora.</subfield></datafield><datafield ind1="0" ind2=" " tag="775"><subfield code="t">Valley independent (Charleroi, Pa. : Westmoreland-Fayette Counties ed.)</subfield><subfield code="w">(DLC)sn 86083235</subfield><subfield code="w">(OCoLC)14251496</subfield></datafield><datafield ind1="0" ind2="4" tag="780"><subfield code="t">Charleroi mail</subfield><subfield code="w">(DLC)sn 86083253</subfield><subfield code="w">(OCoLC)14288834</subfield></datafield><datafield ind1="0" ind2="4" tag="780"><subfield code="t">Monessen daily independent</subfield><subfield code="w">(DLC)sn 86083232</subfield><subfield code="w">(OCoLC)14251539</subfield></datafield><datafield ind1="0" ind2="7" tag="785"><subfield code="t">Valley independent (Charleroi, Pa. : Westmoreland-Fayette Counties ed.)</subfield><subfield code="w">(DLC)sn 86083235</subfield><subfield code="w">(OCoLC)14251496</subfield></datafield><datafield ind1="0" ind2="7" tag="785"><subfield code="t">Valley independent (Monessen, Pa. : Combined ed.)</subfield><subfield code="w">(DLC)sn 86083234</subfield><subfield code="w">(OCoLC)14251439</subfield></datafield></record>